@misc{corr,
	author = {Wikipédia},
	title = {Correlação},
	year = {2021},
	url = {https://pt.wikipedia.org/wiki/Correla%C3%A7%C3%A3o},
	urlaccessdate = {25 fev. 2022}
}


@misc{corr_pearson,
	author = {Wikipédia},
	title = {Correlação de Pearson},
	year = {2021},
	url = {https://pt.wikipedia.org/wiki/Coeficiente_de_correla%C3%A7%C3%A3o_de_Pearson},
	urlaccessdate = {25 fev. 2022}
}

@misc{nhl,
	author = {Reference},
	title = {National Hockey League (NHL)},
	year = {2018},
	url = {https://www.hockey-reference.com/leagues/NHL_2018.html},
	urlaccessdate = {25 fev. 2022}
}

@misc{nba,
	author = {Reference},
	title = {National Basketball Association (NBA)},
	year = {2018},
	url = {https://www.basketball-reference.com/leagues/NBA_2018.html},
	urlaccessdate = {25 fev. 2022}
}

@misc{mlb,
	author = {Reference},
	title = {Major League Baseball (MLB)},
	year = {2018},
	url = {https://www.baseball-reference.com/leagues/majors/2018.shtml},
	urlaccessdate = {25 fev. 2022}
}

@misc{nfl,
	author = {Reference},
	title = {National Football League (NFL)},
	year = {2018},
	url = {https://www.pro-football-reference.com/years/2018/},
	urlaccessdate = {25 fev. 2022}
}


@misc{reg_metro,
	author = {Wikipédia},
	title = {Regiões Metropolitanas (EUA)},
	year = {2016},
	url = {https://en.wikipedia.org/wiki/List_of_American_and_Canadian_cities_by_number_of_major_professional_sports_franchises},
	urlaccessdate = {25 fev. 2022}
}
