@misc{corr,
	author = {Wikipédia},
	title = {Correlação},
	year = {2021},
	url = {https://pt.wikipedia.org/wiki/Correlação},
	urlaccessdate = {25 fev. 2022}
}


@misc{corr_pearson,
	author = {Wikipédia},
	title = {Correlação de Pearson},
	year = {2021},
	url = {https://pt.wikipedia.org/wiki/Coeficiente_de_correlação_de_Pearson},
	urlaccessdate = {25 fev. 2022}
}
